@inproceedings{andersson2012oscilloscope,
  title={Oscilloscope based two-port measurement system using error-corrected modulated signals},
  author={Andersson, K. and Fager, C.},
  booktitle={IEEE InMMIC Conference},
  year={2012},
}

@article{ferrero1993improved,
  title={An improved calibration technique for on-wafer large-signal transistor characterization},
  author={Ferrero, A. and Pisani, U.},
  journal={ IEEE Trans. on Inst. \& Meas.},
  volume={42},
  number={2},
  pages={360--364},
  year={1993},
}

@article{verspecht2005large,
  title={Large-signal network analysis},
  author={Verspecht, J.},
  journal={IEEE Microwave Mag.},
  volume={6},
  number={4},
  pages={82--92},
  year={2005},
}

